@Manual{R-base,
  title = {R: A Language and Environment for Statistical Computing},
  author = {{R Core Team}},
  organization = {R Foundation for Statistical Computing},
  address = {Vienna, Austria},
  year = {2018},
  url = {https://www.R-project.org/},
}
@Manual{R-bookdown,
  title = {bookdown: Authoring Books and Technical Documents with R Markdown},
  author = {Yihui Xie},
  year = {2019},
  note = {R package version 0.14.1},
  url = {https://github.com/rstudio/bookdown},
}
@Manual{R-boot,
  title = {boot: Bootstrap Functions (Originally by Angelo Canty for S)},
  author = {Angelo Canty and Brian Ripley},
  year = {2017},
  note = {R package version 1.3-20},
  url = {https://CRAN.R-project.org/package=boot},
}
@Manual{R-broom,
  title = {broom: Convert Statistical Analysis Objects into Tidy Tibbles},
  author = {David Robinson and Alex Hayes},
  year = {2019},
  note = {R package version 0.5.2},
  url = {https://CRAN.R-project.org/package=broom},
}
@Manual{R-citr,
  title = {citr: RStudio Add-in to Insert Markdown Citations},
  author = {Frederik Aust},
  year = {2016},
  note = {R package version 0.2.0},
  url = {https://CRAN.R-project.org/package=citr},
}
@Manual{R-dplyr,
  title = {dplyr: A Grammar of Data Manipulation},
  author = {Hadley Wickham and Romain François and Lionel Henry and Kirill Müller},
  year = {2019},
  note = {R package version 0.8.1},
  url = {https://CRAN.R-project.org/package=dplyr},
}
@Manual{R-emdbook,
  title = {emdbook: Support Functions and Data for "Ecological Models and Data"},
  author = {Ben Bolker},
  year = {2019},
  note = {R package version 1.3.11},
  url = {https://CRAN.R-project.org/package=emdbook},
}
@Manual{R-estimatr,
  title = {estimatr: Fast Estimators for Design-Based Inference},
  author = {Graeme Blair and Jasper Cooper and Alexander Coppock and Macartan Humphreys and Luke Sonnet},
  year = {2018},
  note = {R package version 0.10.0},
  url = {https://CRAN.R-project.org/package=estimatr},
}
@Manual{R-experiment,
  title = {experiment: R Package for Designing and Analyzing Randomized Experiments},
  author = {Kosuke Imai and Zhichao Jiang},
  year = {2018},
  note = {R package version 1.1-4},
  url = {https://CRAN.R-project.org/package=experiment},
}
@Manual{R-forcats,
  title = {forcats: Tools for Working with Categorical Variables (Factors)},
  author = {Hadley Wickham},
  year = {2019},
  note = {R package version 0.4.0},
  url = {https://CRAN.R-project.org/package=forcats},
}
@Manual{R-ggplot2,
  title = {ggplot2: Create Elegant Data Visualisations Using the Grammar of Graphics},
  author = {Hadley Wickham and Winston Chang and Lionel Henry and Thomas Lin Pedersen and Kohske Takahashi and Claus Wilke and Kara Woo},
  year = {2018},
  note = {R package version 3.0.0},
  url = {https://CRAN.R-project.org/package=ggplot2},
}
@Manual{R-ggsignif,
  title = {ggsignif: Significance Brackets for 'ggplot2'},
  author = {Constantin Ahlmann-Eltze},
  year = {2017},
  note = {R package version 0.4.0},
  url = {https://CRAN.R-project.org/package=ggsignif},
}
@Manual{R-glue,
  title = {glue: Interpreted String Literals},
  author = {Jim Hester},
  year = {2019},
  note = {R package version 1.3.1},
  url = {https://CRAN.R-project.org/package=glue},
}
@Manual{R-gmodels,
  title = {gmodels: Various R Programming Tools for Model Fitting},
  author = {Gregory R. Warnes andBen Bolker and Thomas Lumley and Randall C Johnson and Randall C. Johnson},
  year = {2018},
  note = {R package version 2.18.1},
  url = {https://CRAN.R-project.org/package=gmodels},
}
@Manual{R-here,
  title = {here: A Simpler Way to Find Your Files},
  author = {Kirill Müller},
  year = {2017},
  note = {R package version 0.1},
  url = {https://CRAN.R-project.org/package=here},
}
@Manual{R-huxtable,
  title = {huxtable: Easily Create and Style Tables for LaTeX, HTML and Other Formats},
  author = {David Hugh-Jones},
  year = {2019},
  note = {R package version 4.5.0},
  url = {https://CRAN.R-project.org/package=huxtable},
}
@Manual{R-janitor,
  title = {janitor: Simple Tools for Examining and Cleaning Dirty Data},
  author = {Sam Firke},
  year = {2018},
  note = {R package version 1.1.1},
  url = {https://CRAN.R-project.org/package=janitor},
}
@Manual{R-kableExtra,
  title = {kableExtra: Construct Complex Table with 'kable' and Pipe Syntax},
  author = {Hao Zhu},
  year = {2018},
  note = {R package version 0.9.0},
  url = {https://CRAN.R-project.org/package=kableExtra},
}
@Manual{R-knitr,
  title = {knitr: A General-Purpose Package for Dynamic Report Generation in R},
  author = {Yihui Xie},
  year = {2019},
  note = {R package version 1.23},
  url = {https://CRAN.R-project.org/package=knitr},
}
@Manual{R-lubridate,
  title = {lubridate: Make Dealing with Dates a Little Easier},
  author = {Vitalie Spinu and Garrett Grolemund and Hadley Wickham},
  year = {2018},
  note = {R package version 1.7.4},
  url = {https://CRAN.R-project.org/package=lubridate},
}
@Manual{R-magrittr,
  title = {magrittr: A Forward-Pipe Operator for R},
  author = {Stefan Milton Bache and Hadley Wickham},
  year = {2014},
  note = {R package version 1.5},
  url = {https://CRAN.R-project.org/package=magrittr},
}
@Manual{R-MASS,
  title = {MASS: Support Functions and Datasets for Venables and Ripley's MASS},
  author = {Brian Ripley},
  year = {2018},
  note = {R package version 7.3-50},
  url = {https://CRAN.R-project.org/package=MASS},
}
@Manual{R-pacman,
  title = {pacman: Package Management Tool},
  author = {Tyler Rinker and Dason Kurkiewicz},
  year = {2017},
  note = {R package version 0.4.6},
  url = {https://CRAN.R-project.org/package=pacman},
}
@Manual{R-png,
  title = {png: Read and write PNG images},
  author = {Simon Urbanek},
  year = {2013},
  note = {R package version 0.1-7},
  url = {https://CRAN.R-project.org/package=png},
}
@Manual{R-purrr,
  title = {purrr: Functional Programming Tools},
  author = {Lionel Henry and Hadley Wickham},
  year = {2019},
  note = {R package version 0.3.2},
  url = {https://CRAN.R-project.org/package=purrr},
}
@Manual{R-pwr,
  title = {pwr: Basic Functions for Power Analysis},
  author = {Stephane Champely},
  year = {2018},
  note = {R package version 1.2-2},
  url = {https://CRAN.R-project.org/package=pwr},
}
@Manual{R-randomizr,
  title = {randomizr: Easy-to-Use Tools for Common Forms of Random Assignment and
Sampling},
  author = {Alexander Coppock},
  year = {2018},
  note = {R package version 0.16.1},
  url = {https://CRAN.R-project.org/package=randomizr},
}
@Manual{R-readr,
  title = {readr: Read Rectangular Text Data},
  author = {Hadley Wickham and Jim Hester and Romain Francois},
  year = {2018},
  note = {R package version 1.3.1},
  url = {https://CRAN.R-project.org/package=readr},
}
@Manual{R-recipes,
  title = {recipes: Preprocessing Tools to Create Design Matrices},
  author = {Max Kuhn and Hadley Wickham},
  year = {2019},
  note = {R package version 0.1.5},
  url = {https://CRAN.R-project.org/package=recipes},
}
@Manual{R-reporttools,
  title = {reporttools: Generate LaTeX Tables of Descriptive Statistics},
  author = {Kaspar Rufibach},
  year = {2015},
  note = {R package version 1.1.2},
  url = {https://CRAN.R-project.org/package=reporttools},
}
@Manual{R-rmarkdown,
  title = {rmarkdown: Dynamic Documents for R},
  author = {JJ Allaire and Yihui Xie and Jonathan McPherson and Javier Luraschi and Kevin Ushey and Aron Atkins and Hadley Wickham and Joe Cheng and Winston Chang and Richard Iannone},
  year = {2019},
  note = {R package version 1.14.1},
  url = {https://github.com/rstudio/rmarkdown},
}
@Manual{R-sandwich,
  title = {sandwich: Robust Covariance Matrix Estimators},
  author = {Achim Zeileis and Thomas Lumley},
  year = {2019},
  note = {R package version 2.5-1},
  url = {https://CRAN.R-project.org/package=sandwich},
}
@Manual{R-stringr,
  title = {stringr: Simple, Consistent Wrappers for Common String Operations},
  author = {Hadley Wickham},
  year = {2019},
  note = {R package version 1.4.0},
  url = {https://CRAN.R-project.org/package=stringr},
}
@Manual{R-tibble,
  title = {tibble: Simple Data Frames},
  author = {Kirill Müller and Hadley Wickham},
  year = {2019},
  note = {R package version 2.1.3},
  url = {https://CRAN.R-project.org/package=tibble},
}
@Manual{R-tidyr,
  title = {tidyr: Easily Tidy Data with 'spread()' and 'gather()' Functions},
  author = {Hadley Wickham and Lionel Henry},
  year = {2019},
  note = {R package version 0.8.3},
  url = {https://CRAN.R-project.org/package=tidyr},
}
@Manual{R-tidyverse,
  title = {tidyverse: Easily Install and Load the 'Tidyverse'},
  author = {Hadley Wickham},
  year = {2017},
  note = {R package version 1.2.1},
  url = {https://CRAN.R-project.org/package=tidyverse},
}
@Manual{R-xtable,
  title = {xtable: Export Tables to LaTeX or HTML},
  author = {David B. Dahl},
  year = {2016},
  note = {R package version 1.8-2},
  url = {https://CRAN.R-project.org/package=xtable},
}
